<record xmlns="http://www.loc.gov/MARC21/slim">
  <leader>00698cam a22002051  4500</leader>
  <controlfield tag="001">   04004210 //r953</controlfield>
  <controlfield tag="003">DLC</controlfield>
  <controlfield tag="005">19950208131313.5</controlfield>
  <controlfield tag="008">790925s1893    nyuab         00010 eng  </controlfield>
  <datafield tag="010" ind1=" " ind2=" ">
    <subfield code="a">   04004210 //r953</subfield>
  </datafield>
  <datafield tag="040" ind1=" " ind2=" ">
    <subfield code="a">DLC</subfield>
    <subfield code="c">DLC</subfield>
    <subfield code="d">DLC</subfield>
  </datafield>
  <datafield tag="043" ind1=" " ind2=" ">
    <subfield code="a">e-gr---</subfield>
  </datafield>
  <datafield tag="050" ind1="0" ind2="0">
    <subfield code="a">BL721</subfield>
    <subfield code="b">.G8 1893</subfield>
  </datafield>
  <datafield tag="051" ind1=" " ind2=" ">
    <subfield code="c">Copy 2.</subfield>
  </datafield>
  <datafield tag="100" ind1="1" ind2="0">
    <subfield code="a">Guerber, H. A.</subfield>
    <subfield code="q">(Hélène Adeline),</subfield>
    <subfield code="d">d. 1929.</subfield>
  </datafield>
  <datafield tag="245" ind1="1" ind2="0">
    <subfield code="a">Myths of Greece and Rome, narrated with special reference to literature and art,</subfield>
    <subfield code="c">by H. A. Guerber ...</subfield>
  </datafield>
  <datafield tag="260" ind1="0" ind2=" ">
    <subfield code="a">New York,</subfield>
    <subfield code="a">Chicago [etc.]</subfield>
    <subfield code="b">American book company</subfield>
    <subfield code="c">[1893]</subfield>
  </datafield>
  <datafield tag="300" ind1=" " ind2=" ">
    <subfield code="a">428 p. incl. front.,</subfield>
    <subfield code="b">illus., maps, geneal. tab.</subfield>
    <subfield code="c">19 cm.</subfield>
  </datafield>
  <datafield tag="650" ind1=" " ind2="0">
    <subfield code="a">Mythology, Classical.</subfield>
  </datafield>
  <datafield tag="650" ind1=" " ind2="0">
    <subfield code="a">Legends</subfield>
    <subfield code="z">Greece.</subfield>
  </datafield>
</record>
